@online{ACCGyro,
  title   = {Accelerometer and Gyro Tutorial},
  url     = {https://www.instructables.com/Accelerometer-Gyro-Tutorial},
  urldate = {2021-01-28}
}

@online{BoardGH,
  title   = {LilyGo LoRa Series},
  url     = {https://github.com/Xinyuan-LilyGO/LilyGO-T-Beam},
  urldate = {2021-01-28}
}

@online{NMEA,
  title   = {NMEA sentences},
  url     = {http://aprs.gids.nl/nmea/},
  urldate = {2021-01-30}
}

@online{GYRO,
  title   = {Gyro desc},
  url     = {https://invensense.tdk.com/products/motion-tracking/6-axis/mpu-6050/},
  urldate = {2021-01-30}
}

@online{UNCERNITY,
  title   = {Integral uncernity error propagation},
  url     = {http://www.m4ssl.npl.co.uk/wp-content/uploads/2012/02/Determining-the-uncertainty-associated-with-integrals-of-spectral-quantities.pdf},
  urldate = {2021-02-02}
}